<?xml version="1.0" encoding="UTF-8"?><record xmlns="http://www.loc.gov/MARC21/slim" xmlns:cinclude="http://apache.org/cocoon/include/1.0" xmlns:zs="http://www.loc.gov/zing/srw/">
  <leader>00550nz  a2200145n  4500</leader>
  <controlfield tag="001">no 99088624 </controlfield>
  <controlfield tag="003">DLC</controlfield>
  <controlfield tag="005">19991214070109.0</controlfield>
  <controlfield tag="008">991213n| acannaabn          |n aaa     c</controlfield>
  <datafield tag="010" ind1=" " ind2=" ">
    <subfield code="a">no 99088624 </subfield>
  </datafield>
  <datafield tag="035" ind1=" " ind2=" ">
    <subfield code="a">(OCoLC)oca05119899</subfield>
  </datafield>
  <datafield tag="040" ind1=" " ind2=" ">
    <subfield code="a">MBU-T</subfield>
    <subfield code="b">eng</subfield>
    <subfield code="c">MBU-T</subfield>
  </datafield>
  <datafield tag="100" ind1="1" ind2="0">
    <subfield code="a">Yang, Seung Ai,</subfield>
    <subfield code="d">1954-</subfield>
  </datafield>
  <datafield tag="670" ind1=" " ind2=" ">
    <subfield code="a">Developing teaching materials and instructional strategies for teaching Asian and Asian American/Canadian women's theologies ... 1999:</subfield>
    <subfield code="b">t.p. (Seung Ai Yang)</subfield>
  </datafield>
  <datafield tag="670" ind1=" " ind2=" ">
    <subfield code="a">OCLC, Dec. 13, 1999:</subfield>
    <subfield code="b">(hdg.: Yang, Seung Ai, 1954- ; usage: Seung Ai Yang)</subfield>
  </datafield>
</record>